@Book{StoerI,
  author = 	 {J. Stoer},
  title = 		 {Numerische Mathematik {I}},
  publisher = 	 {Springer},
  year = 		 {2005},
  OPTkey = 		 {},
  OPTvolume = 	 {},
  OPTnumber = 	 {},
  OPTseries = 	 {},
  OPTaddress = 	 {},
  edition = 	 {9.},
  OPTmonth = 	 {},
  OPTnote = 	 {},
  OPTannote = 	 {}
}

@Book{Deuflhard,
  author = 	 {P. Deuflhard and A. Hohmann},
  title = 		 {{N}umerische {M}athematik {I}, {E}ine algorithmisch orientierte {E}inführung},
  publisher = 	 {de Gruyter},
  year = 		 {2002},
  OPTkey = 		 {},
  OPTvolume = 	 {},
  OPTnumber = 	 {},
  OPTseries = 	 {},
  OPTaddress = 	 {},
  OPTedition = 	 {},
  OPTmonth = 	 {},
  OPTnote = 	 {},
  OPTannote = 	 {}
}

@Book{StoerII,
  author = 	 {J. Stoer and R. Bulirsch},
  title = 		 {Numerische Mathematik {II}},
  publisher = 	 {Springer},
  year = 		 {2005},
  OPTkey = 		 {},
  OPTvolume = 	 {},
  OPTnumber = 	 {},
  OPTseries = 	 {},
  OPTaddress = 	 {},
  edition = 	 {5.},
  OPTmonth = 	 {},
  OPTnote = 	 {},
  OPTannote = 	 {}
}


@Unpublished{Rannacher0,
  author = 		 {R. Rannacher},
  title = 		 {Einführung in die {N}umerische {M}athematik ({N}umerik 0)},
  note = 		 { \url{http://numerik.iwr.uni-heidelberg.de/~lehre/notes} },
  OPTkey = 		 {},
  OPTmonth = 	 {},
  year = 	 {2006},
  OPTannote = 	 {}
}

@Book{Schwarz,
  author = 	 {{H.-R.} Schwarz and N. Köckler},
  ALTeditor = 	 {},
  title = 		 {{N}umerische {M}athematik},
  publisher = 	 {Teubner},
  year = 		 {2005},
  OPTkey = 		 {},
  OPTvolume = 	 {},
  OPTnumber = 	 {},
  OPTseries = 	 {},
  OPTaddress = 	 {},
  edition = 	 {5.},
  OPTmonth = 	 {},
  OPTnote = 	 {},
  OPTannote = 	 {}
}

@Book{GolubOrtega,
  author = 	 {G. Golub and {J. M.} Ortega},
  ALTeditor = 	 {},
  title = 		 {Scientific Computing},
  publisher = 	 {Teubner},
  year = 		 {1996},
  OPTkey = 		 {},
  OPTvolume = 	 {},
  OPTnumber = 	 {},
  OPTseries = 	 {},
  OPTaddress = 	 {},
  OPTedition = 	 {},
  OPTmonth = 	 {},
  OPTnote = 	 {},
  OPTannote = 	 {}
}

@Book{GolubVanLoan,
  author = 	 {{G. H.} Golub and {C. F.} Van Loan},
  title = 		 {Matrix Computations},
  publisher = 	 {Johns Hopkins University Press},
  year = 		 {1989},
  edition = 	 {2nd},
}

@Book{CDE,
  author = 	 {K. Erikson and D. Estep and P. Hansbo and C. Johnson},
  title = 		 {Computational Differential Equations},
  publisher = 	 {Cambridge University Press},
  year = 		 {1996},
}

@Book{SchabackWendland,
  author = 	 {R. Schaback and H. Wendland},
  title = 		 {Numerische Mathematik},
  publisher = 	 {Springer},
  year = 		 {2005},
  edition = 	 {5th},
}

@Book{QuarteroniSaccoSaleri,
  author = 	 {A. Quarteroni and R. Sacco and F. Saleri},
  title = 		 {Numerical Mathematics},
  publisher = 	 {Springer},
  year = 		 {2007},
  edition = 	 {2nd},
}

